<record><leader>00000cas a2200000 a 4500</leader><controlfield tag="001">21127194</controlfield><controlfield tag="008">900227c19849999nyuwr ne      0    0eng c</controlfield><datafield ind1=" " ind2=" " tag="010"><subfield code="a">sn 90066007 </subfield></datafield><datafield ind1=" " ind2=" " tag="040"><subfield code="a">NYS</subfield><subfield code="b">eng</subfield><subfield code="c">NYS</subfield><subfield code="d">OCLCQ</subfield><subfield code="d">OCLCF</subfield><subfield code="d">OCLCO</subfield></datafield><datafield ind1="1" ind2=" " tag="029"><subfield code="a">AU@</subfield><subfield code="b">000020587789</subfield></datafield><datafield ind1=" " ind2=" " tag="042"><subfield code="a">pcc</subfield></datafield><datafield ind1=" " ind2=" " tag="043"><subfield code="a">n-us-ny</subfield></datafield><datafield ind1="0" ind2="4" tag="245"><subfield code="a">The Trumansburg free press.</subfield></datafield><datafield ind1=" " ind2=" " tag="260"><subfield code="a">Trumansburg, N.Y. :</subfield><subfield code="b">Odyssey Publications</subfield></datafield><datafield ind1=" " ind2=" " tag="300"><subfield code="a">v.</subfield></datafield><datafield ind1=" " ind2=" " tag="310"><subfield code="a">Weekly (except 2 weeks at Christmas),</subfield><subfield code="b">&lt;1992&gt;</subfield></datafield><datafield ind1=" " ind2=" " tag="321"><subfield code="a">Weekly,</subfield><subfield code="b">1984-</subfield></datafield><datafield ind1="0" ind2=" " tag="362"><subfield code="a">No. 3 (Jan. 25, 1984)-</subfield></datafield><datafield ind1=" " ind2=" " tag="500"><subfield code="a">"Trumansburg Bicentennial Commemorative Issue", issued on: July 1, 1992.</subfield></datafield><datafield ind1=" " ind2=" " tag="515"><subfield code="a">Jan. 8, 1992 issue designated: No. 1.</subfield></datafield><datafield ind1=" " ind2="0" tag="651"><subfield code="a">Trumansburg (N.Y.)</subfield><subfield code="v">Newspapers.</subfield></datafield><datafield ind1=" " ind2="0" tag="651"><subfield code="a">Tompkins County (N.Y.)</subfield><subfield code="v">Newspapers.</subfield></datafield><datafield ind1=" " ind2="7" tag="655"><subfield code="a">Newspapers.</subfield><subfield code="2">fast</subfield><subfield code="0">(OCoLC)fst01423814</subfield></datafield><datafield ind1=" " ind2="7" tag="651"><subfield code="a">New York (State)</subfield><subfield code="z">Tompkins County.</subfield><subfield code="2">fast</subfield><subfield code="0">(OCoLC)fst01207029</subfield></datafield><datafield ind1=" " ind2="7" tag="651"><subfield code="a">New York (State)</subfield><subfield code="z">Trumansburg.</subfield><subfield code="2">fast</subfield><subfield code="0">(OCoLC)fst01233036</subfield></datafield><datafield ind1=" " ind2=" " tag="752"><subfield code="a">United States</subfield><subfield code="b">New York</subfield><subfield code="c">Tompkins</subfield><subfield code="d">Trumansburg.</subfield></datafield><datafield ind1="0" ind2="0" tag="780"><subfield code="t">Free press (Trumansburg, N.Y. : 1932)</subfield><subfield code="w">(DLC)sn 84007953</subfield></datafield></record>